@book{kolmogorov,
    author="А. Н. Колмогоров",
    title="Основные понятия теории вероятностей",
    series="Математика в монографиях",
    publisher="ОНТИ НКТП СССР",
    year=1936,
    langid="russian",
    category={probability}
}
@book{cit:feller,
    author="В. Феллер",
    title="Введение в теорию вероятностей и её приложения",
    publisher="М.: Мир",
    year=1984,
    langid="russian",
    category={probability}
}
@book{cit:shir,
    author="А. Н. Ширяев",
    title="Вероятность",
    publisher="М.:~МЦНМО",
    year=2004,
    langid="russian",
    category={probability}
}
@book{neveu,
    author={Ж. Невё},
    title={Математические основы теории вероятностей},
    publisher={М.:~<<Мир>>},
    year=1969,
    langid="russian",
    category={probability}
}



@book{cit:barra,
    author="Ж.-Р. Барра",
    title="Основные понятия математической статистики",
    publisher="М.:~<<Мир>>",
    year=1974,
    langid="russian",
    category={statistics}
}
@book{cit:leman,
    author="Э. Леман",
    title="Проверка статистических гипотез",
    year=1979,
    langid="russian",
    category={statistics}
}
@book{cit:borovkov,
    author="А. А. Боровков",
    title="Математическая статистика. Оценка параметров. Проверка гипотез",
    publisher="М.: Наука",
    year=1984,
    langid="russian",
    category={statistics}
}
@book{cit:borov97,
    author="А. А. Боровков",
    title="Математическая статистика",
    publisher="Новосибирск: Наука, Издательство Института математики",
    year=1997,
    langid="russian",
    category={statistics}
}



@book{possbook,
    author="Ю. П. Пытьев",
    title="Возможность. Элементы теории и применения",
    publisher="М.:\;<<Эдиториал УРСС>>",
    year=2000,
    langid="russian",
    category={pytyev_possibility}
}
@article{cit:smf,
    author="Yu. P. Pyt'ev",
    title="Stochastic Models of Possibility",
    journal="Pattern Recognition and Image Analysis",
    volume=12,
    number=4,
    year=2002,
    pages="376--396",
    langid="english",
    category={pytyev_possibility}
}
@book{possbook2,
    author="Ю. П. Пытьев",
    title="Возможность как альтернатива вероятности. Математические и эмпирические основы, применение",
    publisher="М.:\;ФИЗМАТЛИТ",
    year=2007,
    edition={2},
    langid="russian",
    category={pytyev_possibility}
}
@book{probbook,
    author="Ю. П. Пытьев and И. А. Шишмарёв",
    title="Теория вероятностей, математическая статистика и элементы теории возможностей для физиков",
    publisher="М.:~Физический факультет МГУ им.~М.\,В.\;Ломоносова",
    year=2010,
    langid="russian",
    category={pytyev_possibility}
}
@article{pytyev_experts,
    author="Ю. П. Пытьев",
    title="Эмпирическое восстановление мер возможности и правдоподобия возможности в моделях экспертных решений",
    journal="Автомат. и телемех.",
    number=3,
    year=2010,
    pages="131--146",
    langid="russian",
    category={pytyev_possibility}
}



@article{citeZadeh,
    author="L. A. Zadeh",
    title="Fuzzy sets as a basis for a theory of possibility",
    journal="Fuzzy Sets and Systems",
    volume=1,
    number=1,
    pages="3--28",
    year=1978,
    langid="english",
    category={zadeh_possibility}
}
@article{dempster,
    author="A. P. Dempster",
    title="Upper and lower probabilities induced by a multivalued mapping",
    journal="Ann. Math. Statist",
    volume="38",
    number="2",
    pages="325--339",
    year="1967",
    category={zadeh_possibility}
}
@book{shafer,
    author="G. Shafer",
    title="A Mathematical Theory of Evidence",
    publisher="Princeton University Press",
    year=1976,
    langid={english},
    category={zadeh_possibility}
}
@article{dubois-prade,
    author="D. Dubois and H. Prade",
    title="Twofold fuzzy sets: An approach to the representation of sets with fuzzy boundaries based on possibility and necessity measures",
    journal="Fuzzy Mathematics (Huazhong, China)",
    volume="3",
    number="4",
    pages="53--76",
    year="1983",
    langid={english},
    category={zadeh_possibility}
}
@article{tahani,
    author="V. Tahani",
    title="A conceptual framework for fuzzy query processing~--- A step toward very intelligent database systems",
    journal="Information Processing \& Management",
    volume="13",
    pages="289--303",
    year="1977",
    langid={english},
    category={zadeh_possibility}
}
@book{dubois_prade-1990,
    author={Д. Дюбуа and А. Прад},
    title={Теория возможностей. Приложения к представлению знаний в информатике},
    year=1990,
    publisher={М.:~<<Радио и связь>>},
    langid={russian},
    category={zadeh_possibility}
}



@article{citePytyevI,
    author="Ю. П. Пытьев",
    title="Морфологические понятия в задачах анализа изображений",
    journal="Докл. АН СССР",
    volume=224,
    number=6,
    pages="1283--1286",
    year=1975,
    langid="russian",
    category={pytyev_morphology}
}
@article{citePytyevII,
    author="Ю. П. Пытьев",
    title="Морфологический анализ изображений",
    journal="Докл. АН СССР",
    volume=269,
    number=5,
    pages="1061--1064",
    year=1983,
    langid="russian",
    category={pytyev_morphology}
}
@article{cit:space,
    author="Ю. П. Пытьев",
    title="Задачи морфологического анализа изображений",
    journal="В~сб.~ст.~<<Ма\-те\-ма\-ти\-ческие методы исследования природных ресурсов Земли из космоса>>",
    publisher="М.:~Наука",
    year=1984,
    pages="41--82",
    langid="russian",
    category={pytyev_morphology}
}
@article{cit:morph,
    author="Yu. P. Pyt'ev",
    title="Morphological Image Analysis",
    journal="Pattern Recognition and Image Analysis",
    volume=3,
    number=1,
    year=1993,
    pages="19--28",
    langid="english",
    category={pytyev_morphology}
}
@article{citePytyevIV,
    author="Yu. P. Pyt'ev",
    title="Methods for Morphological Analysis of Color Images",
    journal="Pattern Recognition and Image Analysis",
    volume=8,
    number=4,
    pages="517--531",
    year=1998,
    langid="english",
    category={pytyev_morphology}
}
@article{citePytyevV,
    comments="Yu. P. Pyt'ev and A. V. Kalinin and E. O. Loginov and V. V. Smolovik",
    author="Yu. P. Pyt'ev and A. V. Kalinin and et.\;al.",
    title="On the Problem of Object Detection by Black-and-White and Color Morphologies",
    journal="Pattern Recognition and Image Analysis",
    volume=8,
    number=4,
    pages="532--536",
    year=1998,
    langid="english",
    category={pytyev_morphology}
}
@article{citeVizilter,
    author="Ю. В. Визильтер and С. Ю. Желтов",
    title="Проективные морфологии и их применение в структурном анализе цифровых изображений",
    journal="Изв. РАН. ТиСУ",
    number=6,
    pages="113--128",
    year=2008,
    langid="russian",
    category={pytyev_morphology}
}
@article{vizilter-2,
    author={Vizilter, Yu. V. and Zheltov, S. Yu.},
    journal={Journal of Computer and Systems Sciences International},
    year={2009},
    volume={48},
    number={2},
    pages={282--294},
    title={The use of projective morphologies for object detection and identification in images},
    langid={english},
    category={pytyev_morphology}
}
@thesis{citeVizilterTh,
    author="Юрий Валентинович Визильтер",
    title="Теория и методы морфологического анализа изображений",
    year=2009,
    type="docthesis",
    major={физ.-мат. наук},
    majorcode={05.13.17},
    pagestotal={275},
    institution={ФГУП <<ГосНИИАС>>},
    langid="russian",
    category={pytyev_morphology}
}
@book{cit:morph_book,
    author="Ю. П. Пытьев and А. И. Чуличков",
    title="Методы морфологического анализа изображений",
    publisher="М.:~ФИЗМАТЛИТ",
    year=2010,
    langid="russian",
    category={pytyev_morphology}
}
@book{kulichkov-chulichkov,
    author={Куличков, С. Н. and Чуличков, А. И. and Дёмин, Д. С.},
    title={Морфологический анализ инфразвуковых сигналов в акустике},
    publisher={М.:~Новый Акрополь},
    year=2010,
    langid={russian},
    category={pytyev_morphology}
}



@book{kolmogorov-fomin,
    author="А. Н. Колмогоров and С. В. Фомин",
    title="Элементы теории функций и функционального анализа",
    publisher="М.:~Наука",
    year=1976,
    langid="russian",
    category={generic_maths}
}
@book{cit:matan,
    author="В. Н. Ильин and Э. Г. Позняк",
    title="Основы математического анализа",
    publisher="М.:~Наука. Физматлит",
    year=2000,
    langid="russian",
    category={generic_maths}
}
@book{cit:ermol,
    author="Ю. В. Ермольев",
    title="Методы стохастического программирования",
    publisher="М.: Наука",
    year=1976,
    langid="russian",
    category={generic_maths}
}
@book{cit:gladkov,
    author="Д. И. Гладков",
    title="Оптимизация систем неградиентным случайным поиском",
    publisher="М.:~Энергоатомиздат",
    year=1984,
    langid="russian",
    category={generic_maths}
}
@article{rockafellar,
    title={Выпуклый анализ},
    author={Рокафеллар, Р.},
    year={1973},
    publisher={М.:~Мир},
    langid="russian",
    category={generic_maths}
}




@book{tou_gonzalez,
    author={Ту, Дж. and Гонсалес, Р.},
    title={Принципы распознавания образов},
    publisher={М.:~Мир},
    year=1978,
    langid={russian},
    category={patrec}
}
@book{vapnik-chervonenkis,
    author={Вапник, В. Н. and Червоненкис, А. Я.},
    title={Теория распознавания образов},
    publisher={М.:~Наука},
    year=1974,
    pagestotal={416},
    langid={russian},
    category={patrec}
}
@book{bishop,
    author={Bishop, C. M.},
    title={Pattern Recognition and Machine Learning},
    publisher={Springer Science \& Business Media},
    year={2006},
    langid={russian},
    category={patrec}
}
@book{duda2012pattern,
    title={Pattern classification},
    author={Duda, Richard O. and Hart, Peter E. and Stork, David G.},
    year={2012},
    publisher={John Wiley \& Sons},
    langid={russian},
    category={patrec}
}



@article{cit:IntSys-conf,
    author="Ю. П. Пытьев and А. В. Зубюк",
    title= "Случайная и нечёткая морфология (эмпирическое восстановление модели, идентификация)",
    journal="Интеллектуальные системы и компьютерные науки: материалы IX Международной конференции",
    publisher="М.:~Изд-во мех.-мат. ф-та МГУ",
    year=2006,
    volume="1, Ч.\;2",
    pages="222--225",
    langid="russian",
    category={my_publications}
}



@book{citeMatheron,
    author="G. Matheron",
    title="Random Sets and Integral Geometry",
    publisher="New York, John Wiley \& Sons",
    year=1975,
    langid="english",
    category={matheron-serra-morphology}
}
@book{citeSerra,
    author="J. Serra",
    title="Image Analysis and Mathematical Morphology",
    publisher="London: Academic Press Inc.~Ltd.",
    year=1982,
    langid="english",
    category={matheron-serra-morphology}
}
@article{citeBurillo,
    author="P. Burillo and N. Frago and R. Fuentes",
    title= "Fuzzy Morphological Operators in Image Processing",
    journal="Mathware \& Soft Computing",
    year=2003,
    volume="10",
    pages="85--100",
    langid="english",
    category={matheron-serra-morphology}
}

@article{zahn1972fourier,
    title={Fourier descriptors for plane closed curves},
    author={Zahn, Charles T and Roskies, Ralph Z},
    journal={IEEE Transactions on Computers},
    volume={100},
    number={3},
    pages={269--281},
    year={1972},
    publisher={IEEE},
    langid={english},
    keyword={fourier, contour shape}
}
@article{chellappa1984fourier,
    title={Fourier coding of image boundaries},
    author={Chellappa, Rama and Bagdazian, R},
    journal={IEEE Transactions on Pattern Analysis and Machine Intelligence},
    number={1},
    pages={102--105},
    year={1984},
    publisher={IEEE},
    langid={english},
    keyword={fourier, contour shape}
}
@inproceedings{zhang2001comparative,
    title={A comparative study on shape retrieval using Fourier descriptors with different shape signatures},
    author={Zhang, Dengsheng and Lu, Guojun},
    booktitle={Proc. International Conference on Intelligent Multimedia and Distance Education},
    year={2001},
    langid={english},
    keyword={fourier, contour shape}
}
@inproceedings{zhang02shapebased,
    author={Dengsheng Zhang and Guojun Lu},
    title={Shape Based Image Retrieval Using Generic Fourier Descriptors},
    booktitle={Signal Processing: Image Communication 17},
    year={2002},
    pages={825--848},
    langid={english},
    keyword={fourier, contour shape}
}
@article{zhang2003comparative,
    title={A comparative study of curvature scale space and Fourier descriptors for shape-based image retrieval},
    author={Zhang, Dengsheng and Lu, Guojun},
    journal={Journal of Visual Communication and Image Representation},
    volume={14},
    number={1},
    pages={39--57},
    year={2003},
    publisher={Elsevier},
    langid={english},
    keyword={css, fourier, contour shape}
}
@article{mokhtarian-1986,
    author={F. Mokhtarian and A. K. Mackworth},
    title={A theory of multi-scale curvature based shape representation for planar curves},
    journal={IEEE Transactions on Pattern Analysis and Machine Intelligence},
    year=1986,
    volume=8,
    number=1,
    pages={34--43},
    langid={english},
    keyword={css, fourier, contour shape}
}
@article{citeMokhtarian,
    author="F. Mokhtarian and R. Suomela",
    title="Robust Image Corner Detection Through Curvature Scale Space",
    journal="IEEE Transactions on Pattern Analysis and Machine Intelligence",
    volume="20",
    number="12",
    pages="1376--1381",
    year=1998,
    langid="english",
    keyword={css, contour shape}
}
@article{citeAbbasi,
    author="S. Abbasi and F. Mokhtarian and J. Kittler",
    title="Curvature Scale Space Image in Shape Similarity Retrieval",
    journal="Multimedia Systems",
    volume=7,
    number=6,
    pages="467--476",
    year=1999,
    langid="english",
    keyword={css, contour shape}
}
@book{mokhtarian2013curvature,
    title={Curvature scale space representation: theory, applications, and MPEG-7 standardization},
    author={Mokhtarian, Farzin and Bober, Miroslaw},
    year={2013},
    publisher={Springer Science \& Business Media},
    langid="english",
    keyword={css, contour shape}
}

@inproceedings{Hough-1959,
    author="Hough, P. V. C.",
    title={Machine Analysis Of Bubble Chamber Pictures},
    booktitle="Proc. 2nd International Conference on High-Energy Accelerators and Instrumentation",
    year="1959",
    pages="554--558",
    langid={english},
    keyword={hough}
}
@misc{Hough-1962,
    author="P. V. C. Hough",
    title="Method and Means for Recognizing Complex Patterns",
    year=1962,
    month=12,
    day=18,
    number="US 3069654",
    place="US",
    type="Patent",
    langid="english",
    keyword={hough}
}
@article{citeDuda,
    author="R. O. Duda and P. E. Hart",
    title="Use of the Hough trasform to detect lines and curves in pictures",
    journal="Communs Ass. Comput. Mach.",
    volume=15,
    number=1,
    pages="11--15",
    year=1972,
    langid="english",
    keyword={hough}
}
@article{citeIoannou,
    author="D. Ioannou and W. Huda and A. F. Laine",
    title="Circle recognition through a 2D Hough Transform and radius histogramming",
    journal="Image and Vision Computing",
    volume=17,
    pages="15--26",
    year=1999,
    langid="english",
    keyword={hough}
}
@article{citeSui,
    author="Jinxue Sui and Li Yang and Zhen Hua",
    title="Shape Detection based on Improved Hough Transformation",
    journal="International Journal of Digital Content Technology and its Applications",
    volume=5,
    number=3,
    pages="245--254",
    year=2011,
    langid="english",
    keyword={hough}
}

@book{Mestetsky-2009,
    title={Непрерывная морфология бинарных изображений: фигуры, скелеты, циркуляры},
    author={Местецкий, Леонид Моисеевич},
    publisher={М.:~ФИЗМАТЛИТ},
    year={2009},
    langid = "russian",
    keyword={continuous binary morphology, skeletons, mestetsky}
}
@article{Mestetsky-2014-2,
    author = "Местецкий, Леонид Моисеевич",
    title = "Медиальная ширина фигуры~--- дескриптор формы изображений",
    journal = "Машинное обучение и анализ данных",
    year = "2014",
    volume = "1",
    number = "9",
    pages = "1291--1318",
    langid = "russian",
    keyword={continuous binary morphology, skeletons, mestetsky}
}
@article{Mestetsky-2014-1,
    author = "Местецкий, Л. М. and Зак, Е. М. and Ломов, Н. А.",
    title = "Распознавание формы гибких объектов изображений на основе спектров ширины",
    journal = "Приволжский научный журнал",
    year = "2014",
    number = "4",
    pages = "59--67",
    langid = "russian",
    keyword={continuous binary morphology, skeletons, mestetsky}
}
@article{Mestetsky-2011,
    author = "Mestetskiy, L. and Bakina, I. and Kurakin, A.",
    title = "Hand geometry analysis by continuous skeletons",
    journal = "Lecture Notes in Computer Science (including subseries Lecture Notes in Artificial Intelligence and Lecture Notes in Bioinformatics)",
    year = "2011",
    volume = "6754",
    number = "Part 2",
    pages = "130--139",
    langid = "english",
    keyword={continuous binary morphology, skeletons, mestetsky}
}

@article{Goncharov-2010,
    title={Исследование устойчивости знакового представления изображений},
    author={Каркищенко, Александр Николаевич and Гончаров, А. В.},
    journal={Автоматика и телемеханика},
    number={9},
    pages={57--69},
    year={2010},
    publisher={РАН, Отделение энергетики, машиностроения, механики и процессов управления},
    langid="russian",
    keyword={goncharov, kakischenko}
}
@article{Goncharov-2009,
    title={Исследование свойств знакового представления изображений в задачах распознавания образов},
    author={Гончаров, АЛЕКСАНДР ВЛАДИМИРОВИЧ},
    journal={Известия ЮФУ. Технические науки. Тематический выпуск <<Актуальные проблемы математического моделирования>>},
    number={8},
    pages={97},
    year={2009},
    langid="russian",
    keyword={goncharov, kakischenko}
}

@article{lda-fisher,
    author={Fisher, R. A.},
    title={The use of multiple measurements in taxonomic problems},
    journal={Annals of Eugenics},
    year=1936,
    volume={7},
    number={2},
    pages={179--188},
    langid={english},
    keyword={fisher, lda, linear discriminant}
}
@article{liu-2002,
    title={Gabor feature based classification using the enhanced fisher linear discriminant model for face recognition},
    author={Liu, Chengjun and Wechsler, Harry},
    journal={IEEE Transactions on Image processing},
    volume={11},
    number={4},
    pages={467--476},
    year={2002},
    langid={english},
    keyword={fisher, lda, linear discriminant}
}
@article{witten-2011,
    title={Penalized classification using Fisher's linear discriminant},
    author={Witten, Daniela M. and Tibshirani, Robert},
    journal={Journal of the Royal Statistical Society: Series B (Statistical Methodology)},
    volume={73},
    number={5},
    pages={753--772},
    year={2011},
    publisher={Wiley Online Library},
    langid={english},
    keyword={fisher, lda, linear discriminant}
}
@inproceedings{vapnik-svm-simple,
    title={A training algorithm for optimal margin classifiers},
    author={Boser, Bernhard E and Guyon, Isabelle M and Vapnik, Vladimir N},
    booktitle={Proceedings of the fifth annual workshop on Computational learning theory},
    pages={144--152},
    year={1992},
    langid="english",
    keyword={hyperplane separation, svm, lda, linear discriminant}
}
@article{vapnik-svm,
    title={Support-vector networks},
    author={Cortes, Corinna and Vapnik, Vladimir},
    journal={Machine learning},
    volume={20},
    number={3},
    pages={273--297},
    year={1995},
    publisher={Springer},
    langid="english",
    keyword={hyperplane separation, svm, lda, linear discriminant}
}
@article{libsvm,
    title={LIBSVM: A library for support vector machines},
    author={Chang, Chih-Chung and Lin, Chih-Jen},
    journal={ACM Transactions on Intelligent Systems and Technology},
    volume={2},
    number={3},
    pages={27:1--27:27},
    year={2011},
    publisher={ACM},
    langid="english",
    keyword={hyperplane separation, svm, lda, linear discriminant}
}

@article{cover1967nearest,
    title={Nearest neighbor pattern classification},
    author={Cover, Thomas M. and Hart, Peter E.},
    journal={IEEE Transactions on Information Theory},
    volume={13},
    number={1},
    pages={21--27},
    year={1967},
    publisher={IEEE},
    langid="english",
    keyword={nearest neighbor, nn, knn}
}
@article{hart-1968,
    author={Peter Hart},
    title={The condensed nearest neighbor rule},
    journal={IEEE Transactions on Information Theory},
    volume=14,
    number=3,
    pages={515--516},
    year=1968,
    langid="english",
    keyword={nearest neighbor, nn, knn}
}
@article{devroye-1981,
    author={Luc P. Devroye},
    title={On the inequality of Cover and Hart in nearest neighbor discrimination},
    journal={IEEE Transactions on Pattern Analysis and Machine Intelligence},
    number=1,
    pages={75--78},
    year=1981,
    langid={english},
    keyword={nearest neighbor, nn, knn},
}
@book{dasarathy-1991,
    author={Belur V. Dasarathy},
    title={Nearest Neighbor (NN) Norms: NN Pattern Classification Techniques},
    publisher={Washington: IEEE Computer Society},
    year=1991,
    langid="english",
    keyword={nearest neighbor, nn, knn}
}

@article{pearson-1901,
    title={On lines and planes of closest fit to systems of points in space},
    author={Pearson, Karl},
    journal={The London, Edinburgh, and Dublin Philosophical Magazine and Journal of Science},
    volume={2},
    number={11},
    pages={559--572},
    year={1901},
    publisher={Taylor \& Francis},
    langid="english",
    keyword={principal components analysis, pca},
}
@article{hotelling-1933,
    author={Hotelling, H.},
    journal={Journal of educational psychology},
    year=1933,
    volume={24},
    number={6},
    pages={417--441},
    title={Analysis of a complex of statistical variables into principal components},
    langid="english",
    keyword={principal components analysis, pca},
}
@book{jolliffe-2002,
    author={Jolliffe, I.},
    title={Principal component analysis},
    publisher={John Wiley \& Sons},
    year=2002,
    langid="english",
    keyword={principal components analysis, pca}
}

@article{tenenbaum-2000,
    author={Tenenbaum, J. B. and De Silva, V. and Langford, J. C.},
    journal={Science},
    year=2000,
    volume={290},
    number={5500},
    pages={2319--2323},
    title={A global geometric framework for nonlinear dimensionality reduction},
    langid="english",
    keyword={nonlinear dimensionality reduction, nldr},
}
@book{NLDR-2007,
    title={Nonlinear dimensionality reduction},
    author={Lee, John A and Verleysen, Michel},
    year={2007},
    publisher={Springer Science \& Business Media},
    langid="english",
    keyword={nonlinear dimensionality reduction, nldr}
}
@article{NLDR-2014,
    title={Nonlinear dimensionality reduction via the ENH-LTSA method for hyperspectral image classification},
    author={Sun, Weiwei and Halevy, Avner and Benedetto, John J and Czaja, Wojciech and Li, Weiyue and Liu, Chun and Shi, Beiqi and Wang, Rongrong},
    journal={IEEE Journal of Selected Topics in Applied Earth Observations and Remote Sensing},
    volume={7},
    number={2},
    pages={375--388},
    year={2014},
    publisher={IEEE},
    langid={english},
    keyword={nonlinear dimensionality reduction, nldr}
}
@article{NLDR-Med-2014,
    title={Histopathological image analysis for centroblasts classification through dimensionality reduction approaches},
    comments={Kornaropoulos, Evgenios N and Niazi, M and Lozanski, Gerard},
    author={Kornaropoulos, Evgenios N and Niazi, M and Lozanski, Gerard and Gurcan, Metin N},
    journal={Cytometry Part A},
    volume={85},
    number={3},
    pages={242--255},
    year={2014},
    publisher={Wiley Online Library},
    langid="english",
    keyword={nonlinear dimensionality reduction, nldr}
}

@article{mcculloch1943logical,
    title={A logical calculus of the ideas immanent in nervous activity},
    author={McCulloch, Warren S. and Pitts, Walter},
    journal={Bulletin of mathematical biophysics},
    volume={5},
    number={4},
    pages={115--133},
    year={1943},
    publisher={Springer},
    langid={english},
    keyword={neural networks}
}
@article{rosenblatt1958perceptron,
    title={The perceptron: a probabilistic model for information storage and organization in the brain},
    author={Rosenblatt, Frank},
    journal={Psychological review},
    volume={65},
    number={6},
    pages={386--408},
    year={1958},
    publisher={American Psychological Association},
    langid={english},
    keyword={neural networks}
}
@book{rosenblatt-1962,
    author={Frank Rosenblatt},
    title={Principles of neurodynamics},
    publisher={Washington: Spartan Books},
    year=1962,
    langid={english},
    keyword={neural networks}
}
@article{widrow199030,
    title={30 years of adaptive neural networks: perceptron, madaline, and backpropagation},
    author={Widrow, Bernard and Lehr, Michael and others},
    journal={Proceedings of the IEEE},
    volume={78},
    number={9},
    pages={1415--1442},
    year={1990},
    publisher={IEEE},
    langid={english},
    keyword={neural networks}
}

@inproceedings{sobel-1968,
    autor={Sobel, I., Feldman, G.},
    title={A 3x3 Isotropic Gradient Operator for Image Processing},
    booktitle={Presented at the Stanford Artificial Intelligence Project (SAIL)},
    year=1968,
    langid={english},
    keyword={edge detection}
}
@book{duda1973pattern,
    title={Pattern classification and scene analysis},
    author={Duda, Richard O. and Hart, Peter E.},
    year={1973},
    publisher={John Wiley \& Sons},
    langid={english},
    keyword={edge detection, patrec}
}
@article{canny1986computational,
    title={A computational approach to edge detection},
    author={Canny, John},
    journal={IEEE Transactions on Pattern Analysis and Machine Intelligence},
    number={6},
    pages={679--698},
    year={1986},
    publisher={IEEE},
    langid={english},
    keyword={edge detection}
}

@article{Vizilter-2015,
    title={Морфлеты: новый класс древовидных морфологических описаний формы изображений},
    author="Ю. В. Визильтер and  В. С. Горбацевич and С. Ю. Желтов and А. Ю. Рубис and А. В. Воротников",
    journal={Компьютерная оптика},
    volume={39},
    number={1},
    pages={101--108},
    year={2015},
    langid="russian",
    category={other}
}
@incollection{filtering-2014,
    title={Rolling guidance filter},
    author={Zhang, Qi and Shen, Xiaoyong and Xu, Li and Jia, Jiaya},
    comments={Zhang, Qi and Shen, Xiaoyong and Xu, Li},
    booktitle={Computer Vision--ECCV 2014},
    pages={815--830},
    year={2014},
    publisher={Springer},
    langid="english",
    category={other}
}
@book{cit:2,
    editor="В. Н. Вапник",
    title="Алгоритмы и программы восстановления зависимостей",
    publisher="М.: Наука",
    year=1984,
    langid="russian",
    category={other}
}
@article{citeDaoudi,
    author="M. Daoudi and S. Matusiak",
    title="Visual image retrieval by multiscale description of user sketches",
    journal="Journal of Visual Languages and Computing",
    volume=11,
    number=3,
    pages="287--301",
    year=2000,
    langid="english",
    category={other}
}
@article{citeKim,
    author="Hae-Kwang Kim and Jong-Deuk Kim",
    title="Region-based shape descriptor invariant to rotation, scale and translation",
    journal="Signal Processing: Image Communication",
    volume=16,
    number="1-2",
    pages="87--93",
    year=2000,
    langid="english",
    category={other}
}
@inproceedings{citeBelongie,
    author="S. Belongie and J. Malik and J. Puzicha",
    title="Matching shapes",
    booktitle="Proceedings of Eighth IEEE International Conference on Computer Vision",
    address="Vancouver, Canada",
    volume=1,
    pages="454--461",
    year=2001,
    langid="english",
    category={other}
}
