
% *** Kirill ***
@article{de1992possibility,
  title={Possibility theory: An integral theoretic approach},
  author={De Cooman, G and Kerre, EE and Vanmassenhove, FR},
  journal={Fuzzy Sets and Systems},
  volume={46},
  number={2},
  pages={287--299},
  year={1992},
  publisher={Elsevier}
}
@book{savage1972foundations,
  title={The foundations of statistics},
  author={Savage, Leonard J},
  year={1972},
  publisher={Courier Corporation}
}
@article{pyt2013,
  title={Моделирование субъективных суждений модельера-исследователя о модели объекта исследования},
  author={Пытьев, Ю.~П.},
  journal={Математическое моделирование},
  volume={25},
  number={4},
  pages={102--125},
  year={2013},
  publisher={Российская академия наук, Отделение математических наук}
}
@article{pytstrange,
  title={Стохастические и нечеткие модели. Эмпирическое построение и интерпретация},
  author={Пытьев, Ю.~П.},
  journal={Сборник трудов 1-й международной научно-практической конференции «Современные информационные технологии и ИТ-образование»},
   year         = 2005,
  pages={482--492}
}
@phdthesis{falomkina,
  author       = {Фаломкина, Олеся Владимировна}, 
  title        = {Исследование нечетких и неопределенных нечетких методов анализа и интерпретации данных},
  school       = {МГУ имени М.В. Ломоносова},
  year         = 2006,
  note         = {Научный руководитель: Пытьев Ю.~П.}
}
@article{ZadehPrime,
title = "Fuzzy sets ",
journal = "Information and Control ",
volume = "8",
number = "3",
pages = "338 - 353",
year = "1965",
note = "",
issn = "0019-9958",
%doi = "http://dx.doi.org/10.1016/S0019-9958(65)90241-X",
%url = "http://www.sciencedirect.com/science/article/pii/S001999586590241X",
author = "L.A. Zadeh"
}
@article{BardossyLineExpert,
title = "Combination of fuzzy numbers representing expert opinions ",
journal = "Fuzzy Sets and Systems ",
volume = "57",
number = "2",
pages = "173 - 181",
year = "1993",
note = "",
issn = "0165-0114",
doi = "http://dx.doi.org/10.1016/0165-0114(93)90157-D",
url = "http://www.sciencedirect.com/science/article/pii/016501149390157D",
author = "Andras Bardossy and Lucien Duckstein and Istvan Bogardi",
keywords = "Fuzzy numbers",
keywords = "combination of information",
keywords = "extension",
keywords = "nitrate concentration "
}
@article{WeiTrapez,
title = "Fuzzy risk analysis based on interval-valued fuzzy numbers ",
journal = "Expert Systems with Applications ",
volume = "36",
number = "2, Part 1",
pages = "2285 - 2299",
year = "2009",
note = "",
issn = "0957-4174",
%doi = "http://dx.doi.org/10.1016/j.eswa.2007.12.037",
%url = "http://www.sciencedirect.com/science/article/pii/S0957417407006781",
author = "Shih-Hua Wei and Shyi-Ming Chen",
keywords = "Fuzzy risk analysis",
keywords = "Interval-valued fuzzy numbers",
keywords = "Linguistic terms",
keywords = "Linguistic values",
keywords = "Similarity measures "
}
@article{Dubois2015,
title = "The legacy of 50 years of fuzzy sets: a discussion ",
journal = "Fuzzy Sets and Systems ",
volume = "",
number = "",
pages = " - ",
year = "2015",
note = "",
issn = "0165-0114",
%doi = "http://dx.doi.org/10.1016/j.fss.2015.09.004",
%url = "http://www.sciencedirect.com/science/article/pii/S0165011415004169",
author = "Didier Dubois and Henri Prade",
keywords = "Fuzzy set",
keywords = "Possibility theory",
keywords = "Similarity",
keywords = "Uncertainty",
keywords = "Preference ",
}

@book{Mirkin,
  title={Проблема группового выбора},
  author={Миркин, Борис Григорьевич},
  publisher={Наука},
  year={1974}
}

@book{moore1966interval,
  title={Interval analysis},
  author={Moore, Ramon E},
  volume={4},
  year={1966},
  publisher={Prentice-Hall Englewood Cliffs}
}
@book{moore2009introduction,
  title={Introduction to interval analysis},
  author={Moore, Ramon E and Kearfott, R Baker and Cloud, Michael J},
  year={2009},
  publisher={Siam}
}
@article{moore2003,
title = "Interval analysis and fuzzy set theory ",
journal = "Fuzzy Sets and Systems ",
volume = "135",
number = "1",
pages = "5 - 9",
year = "2003",
note = "Interfaces between Fuzzy Set Theory and Interval Analysis ",
issn = "0165-0114",
doi = "http://dx.doi.org/10.1016/S0165-0114(02)00246-4",
url = "http://www.sciencedirect.com/science/article/pii/S0165011402002464",
author = "Ramon Moore and Weldon Lodwick",
keywords = "Interval analysis",
keywords = "Fuzzy set theory",
keywords = "Fuzzy interval analysis",
keywords = "Validation methods "
}

% *** AndReW ***

@book{kolmogorov,
    author="А. Н. Колмогоров",
    title="Основные понятия теории вероятностей",
    series="Математика в монографиях",
    publisher="ОНТИ НКТП СССР",
    year=1936,
    langid="russian",
    category={probability}
}
@book{cit:feller,
    author="В. Феллер",
    title="Введение в теорию вероятностей и её приложения",
    publisher="М.: Мир",
    year=1984,
    langid="russian",
    category={probability}
}
@book{cit:shir,
    author="А. Н. Ширяев",
    title="Вероятность",
    publisher="М.:~МЦНМО",
    year=2004,
    langid="russian",
    category={probability}
}

@book{cit:borov97,
    author="А. А. Боровков",
    title="Математическая статистика",
    publisher="Новосибирск: Наука, Издательство Института математики",
    year=1997,
    langid="russian",
    category={statistics}
}

@book{possbook,
    author="Ю. П. Пытьев",
    title="Возможность. Элементы теории и применения",
    publisher="М.:\;<<Эдиториал УРСС>>",
    year=2000,
    langid="russian",
    category={pytyev_possibility}
}
@article{cit:smf,
    author="Yu. P. Pyt'ev",
    title="Stochastic Models of Possibility",
    journal="Pattern Recognition and Image Analysis",
    volume=12,
    number=4,
    year=2002,
    pages="376--396",
    langid="english",
    category={pytyev_possibility}
}
@book{possbook2,
    author="Ю. П. Пытьев",
    title="Возможность как альтернатива вероятности. Математические и эмпирические основы, применение",
    publisher="М.:\;ФИЗМАТЛИТ",
    year=2007,
    edition={2},
    langid="russian",
    category={pytyev_possibility}
}
@book{probbook,
    author="Ю. П. Пытьев and И. А. Шишмарёв",
    title="Теория вероятностей, математическая статистика и элементы теории возможностей для физиков",
    publisher="М.:~Физический факультет МГУ им.~М.\,В.\;Ломоносова",
    year=2010,
    langid="russian",
    category={pytyev_possibility}
}
@article{pytyev_experts,
    author="Ю. П. Пытьев",
    title="Эмпирическое восстановление мер возможности и правдоподобия возможности в моделях экспертных решений",
    journal="Автомат. и телемех.",
    number=3,
    year=2010,
    pages="131--146",
    langid="russian",
    category={pytyev_possibility}
}

@article{citeZadeh,
    author="L. A. Zadeh",
    title="Fuzzy sets as a basis for a theory of possibility",
    journal="Fuzzy Sets and Systems",
    volume=1,
    number=1,
    pages="3--28",
    year=1978,
    langid="english",
    category={zadeh_possibility}
}
@article{dempster,
    author="A. P. Dempster",
    title="Upper and lower probabilities induced by a multivalued mapping",
    journal="Ann. Math. Statist",
    volume="38",
    number="2",
    pages="325--339",
    year="1967",
    category={zadeh_possibility}
}
@book{shafer,
    author="G. Shafer",
    title="A Mathematical Theory of Evidence",
    publisher="Princeton University Press",
    year=1976,
    langid={english},
    category={zadeh_possibility}
}
@article{dubois-prade,
    author="D. Dubois and H. Prade",
    title="Twofold fuzzy sets: An approach to the representation of sets with fuzzy boundaries based on possibility and necessity measures",
    journal="Fuzzy Mathematics (Huazhong, China)",
    volume="3",
    number="4",
    pages="53--76",
    year="1983",
    langid={english},
    category={zadeh_possibility}
}
@article{tahani,
    author="V. Tahani",
    title="A conceptual framework for fuzzy query processing~--- A step toward very intelligent database systems",
    journal="Information Processing \& Management",
    volume="13",
    pages="289--303",
    year="1977",
    langid={english},
    category={zadeh_possibility}
}
@book{dubois_prade-1990,
    author={Д. Дюбуа and А. Прад},
    title={Теория возможностей. Приложения к представлению знаний в информатике},
    year=1990,
    publisher={М.:~<<Радио и связь>>},
    langid={russian},
    category={zadeh_possibility}
}
@book{cit:matan,
    author="В. Н. Ильин and Э. Г. Позняк",
    title="Основы математического анализа",
    publisher="М.:~Наука. Физматлит",
    year=2000,
    langid="russian",
    category={generic_maths}
}
@book{cit:ermol,
    author="Ю. В. Ермольев",
    title="Методы стохастического программирования",
    publisher="М.: Наука",
    year=1976,
    langid="russian",
    category={generic_maths}
}
@book{cit:gladkov,
    author="Д. И. Гладков",
    title="Оптимизация систем неградиентным случайным поиском",
    publisher="М.:~Энергоатомиздат",
    year=1984,
    langid="russian",
    category={generic_maths}
}
@article{rockafellar,
    title={Выпуклый анализ},
    author={Рокафеллар, Р.},
    year={1973},
    publisher={М.:~Мир},
    langid="russian",
    category={generic_maths}
}
@article{cit:IntSys-conf,
    author="Ю. П. Пытьев and А. В. Зубюк",
    title= "Случайная и нечёткая морфология (эмпирическое восстановление модели, идентификация)",
    journal="Интеллектуальные системы и компьютерные науки: материалы IX Международной конференции",
    publisher="М.:~Изд-во мех.-мат. ф-та МГУ",
    year=2006,
    volume="1, Ч.\;2",
    pages="222--225",
    langid="russian",
    category={my_publications}
}

